@article{chesbrough2003open,
  title={Open innovation: The new imperative for creating and profiting from technology},
  author={Chesbrough, Henry W},
  journal={Harvard Business Press},
  year={2003}
}

@article{chesbrough2006open,
  title={Open innovation: Researching a new paradigm},
  author={Chesbrough, Henry and Vanhaverbeke, Wim and West, Joel},
  journal={Oxford University Press on Demand},
  year={2006}
}

@article{van2010open,
  title={Open innovation in SMEs: Trends, motives and management challenges},
  author={Van de Vrande, Vareska and De Jong, Jeroen PJ and Vanhaverbeke, Wim and De Rochemont, Maurice},
  journal={Technovation},
  volume={30},
  number={6},
  pages={345--357},
  year={2010}
}

@article{eshet2004digital,
  title={Digital literacy: A conceptual framework for survival skills in the digital era},
  author={Eshet-Alkalai, Yoram},
  journal={Journal of Educational Multimedia and Hypermedia},
  volume={13},
  number={1},
  pages={93--106},
  year={2004}
}

@article{worldbank2023tanzania,
  title={Tanzania Economic Update: Enhancing Productivity and Economic Transformation},
  author={World Bank},
  journal={World Bank Group},
  year={2023}
}

@article{tanzania2022sme,
  title={National SME Development Policy Implementation Review},
  author={Ministry of Industry and Trade, Tanzania},
  journal={Government Publication},
  year={2022}
}

@article{tanzania2003sme,
  title={Small and Medium Enterprise Development Policy},
  author={United Republic of Tanzania},
  journal={Government Gazette},
  year={2003}
}

@article{tanzania2021sme,
  title={Tanzania SME Baseline Survey Report},
  author={National Bureau of Statistics},
  journal={Government Publication},
  year={2021}
}

@article{tanzania2016ict,
  title={National ICT Policy 2016},
  author={Ministry of Works, Transport and Communication},
  journal={Government Gazette},
  year={2016}
}

@article{worldbank2020doing,
  title={Doing Business 2020: Comparing Business Regulation in 190 Economies},
  author={World Bank},
  journal={World Bank Publications},
  year={2020}
}

@article{gsma2023mobile,
  title={The Mobile Economy Sub-Saharan Africa 2023},
  author={GSMA},
  journal={GSMA Intelligence},
  year={2023}
}

@article{itu2022digital,
  title={Digital Skills Assessment in Tanzania},
  author={International Telecommunication Union},
  journal={ITU Publications},
  year={2022}
}

@article{bigliardi2012open,
  title={Open innovation in the automotive industry},
  author={Bigliardi, Barbara and Ivo Dormio, Alberto},
  journal={International Journal of Engineering Business Management},
  volume={4},
  pages={44--55},
  year={2012}
}

@article{morgan2006characteristics,
  title={Characteristics of individual scientists and engineers},
  author={Morgan, Granger},
  journal={Science and Engineering Indicators},
  year={2006}
}

@article{lichtenthaler2009outbound,
  title={Outbound open innovation and its effect on firm performance: examining environmental influences},
  author={Lichtenthaler, Ulrich},
  journal={R\&D Management},
  volume={39},
  number={4},
  pages={317--330},
  year={2009}
}

@article{zahra2008theoretical,
  title={The effect of national culture on the extent of knowledge sharing between companies},
  author={Zahra, Shaker A},
  journal={Journal of International Business Studies},
  volume={39},
  number={1},
  pages={39--58},
  year={2008}
}

@article{peters2019digital,
  title={Digital literacy in higher education: A survey of Greek university students},
  author={Peters, Michael A and others},
  journal={Digital Education Review},
  number={35},
  pages={64--81},
  year={2019}
}

@article{scott2008institutions,
  title={Institutions and organizations: Ideas and interests},
  author={Scott, W Richard},
  journal={Sage Publications},
  year={2008}
}

@article{barney1991firm,
  title={Firm resources and sustained competitive advantage},
  author={Barney, Jay},
  journal={Journal of Management},
  volume={17},
  number={1},
  pages={99--120},
  year={1991}
}

@article{teece1997dynamic,
  title={Dynamic capabilities and strategic management},
  author={Teece, David J and Pisano, Gary and Shuen, Amy},
  journal={Strategic Management Journal},
  volume={18},
  number={7},
  pages={509--533},
  year={1997}
}

@article{khanna2000business,
  title={The future of business groups in emerging markets: Long-run evidence from Chile},
  author={Khanna, Tarun and Palepu, Krishna},
  journal={Academy of Management Journal},
  volume={43},
  number={3},
  pages={268--285},
  year={2000}
}

@article{nunnally1978psychometric,
  title={Psychometric theory},
  author={Nunnally, Jum C},
  journal={McGraw-Hill},
  year={1978}
}

@article{hair2010multivariate,
  title={Multivariate data analysis: A global perspective},
  author={Hair, Joseph F and Black, William C and Babin, Barry J and Anderson, Rolph E},
  journal={Pearson Education},
  year={2010}
}

@article{creswell2018research,
  title={Research design: Qualitative, quantitative, and mixed methods approaches},
  author={Creswell, John W and Creswell, J David},
  journal={Sage Publications},
  year={2018}
}

@article{braun2006using,
  title={Using thematic analysis in psychology},
  author={Braun, Virginia and Clarke, Victoria},
  journal={Qualitative Research in Psychology},
  volume={3},
  number={2},
  pages={77--101},
  year={2006}
}

@article{west2006open,
  title={Open innovation: Researching a new paradigm},
  author={West, Joel and Gallagher, Scott},
  journal={R\&D Management},
  volume={36},
  number={3},
  pages={292--301},
  year={2006}
}

@article{gassmann2010towards,
  title={Towards a theory of open innovation: three core process archetypes},
  author={Gassmann, Oliver},
  journal={R\&D Management},
  volume={6},
  pages={213--231},
  year={2010}
}

@article{chiaroni2011much,
  title={How companies implement open innovation},
  author={Chiaroni, Davide and Chiesa, Vittorio and Frattini, Federico},
  journal={R\&D Management},
  volume={41},
  number={3},
  pages={222--245},
  year={2011}
}

@article{foss2013governing,
  title={Governing knowledge sharing in organizations: Levels of analysis, governance mechanisms, and research directions},
  author={Foss, Nicolai J and Husted, Kenneth and Michailova, Snejina},
  journal={Journal of Management Studies},
  volume={50},
  number={4},
  pages={593--614},
  year={2013}
}

@article{burns1961management,
  title={The management of innovation},
  author={Burns, Tom and Stalker, George M},
  journal={Tavistock Publications},
  year={1961}
}

@article{allen1977managing,
  title={Managing the flow of technology: Technology transfer and the dissemination of technological information within the R\&D organization},
  author={Allen, Thomas J},
  journal={MIT Press},
  year={1977}
}

@article{alexy2009custody,
  title={Custody or kill? The role of IP in open innovation processes},
  author={Alexy, Oliver and Criscuolo, Paola and Salter, Ammon},
  journal={R\&D Management},
  volume={39},
  number={4},
  pages={331--340},
  year={2009}
}

@article{spithoven2013networks,
  title={Networks and open innovation in SMEs},
  author={Spithoven, Andr√© and Frantzen, Dirk and Clarysse, Bart},
  journal={Small Business Economics},
  volume={41},
  number={2},
  pages={345--364},
  year={2013}
}

@article{hofstede1980cultures,
  title={Culture's consequences: International differences in work-related values},
  author={Hofstede, Geert},
  journal={Sage Publications},
  year={1980}
}

@article{nahapiet1998social,
  title={Social capital, intellectual capital, and the organizational advantage},
  author={Nahapiet, Janine and Ghoshal, Sumantra},
  journal={Academy of Management Review},
  volume={23},
  number={2},
  pages={242--266},
  year={1998}
}

@article{batterink2006boss,
  title={Boss or boss? SMEs and interfirm relationships},
  author={Batterink, Maarten H},
  journal={Journal of Small Business and Enterprise Development},
  volume={13},
  number={3},
  pages={357--371},
  year={2006}
}

@article{dirks2002trust,
  title={Trust in leadership: Meta-analytic findings and implications for research and practice},
  author={Dirks, Kurt T and Ferrin, Donald L},
  journal={Journal of Applied Psychology},
  volume={87},
  number={4},
  pages={611--628},
  year={2002}
}

@article{kirkman2006cultural,
  title={A quarter century of Culture's Consequences: A review of empirical research incorporating Hofstede's cultural values framework},
  author={Kirkman, Bradley L and Lowe, Kevin B and Gibson, Cristina B},
  journal={Journal of International Business Studies},
  volume={37},
  number={3},
  pages={285--320},
  year={2006}
}

@article{becker2006knowledge,
  title={Knowledge creation and sharing in R\&D projects},
  author={Becker, Wolfgang},
  journal={International Journal of Technology Management},
  volume={35},
  number={1-4},
  pages={29--42},
  year={2006}
}

@article{cerulli2014impact,
  title={The impact of public research on innovation in SMEs: Evidence from the Italian context},
  author={Cerulli, Giovanni},
  journal={Journal of Technology Transfer},
  volume={39},
  number={6},
  pages={879--900},
  year={2014}
}

@article{ziegler2013science,
  title={Science parks and open innovation},
  author={Ziegler, Nicole},
  journal={International Journal of Entrepreneurship and Innovation Management},
  volume={17},
  number={4-6},
  pages={248--264},
  year={2013}
}

@article{galbraith1971matrix,
  title={Matrix organization designs},
  author={Galbraith, Jay R},
  journal={Business Horizons},
  volume={14},
  number={1},
  pages={29--40},
  year={1971}
}

@article{kale2009alliance,
  title={Building alliance capability in SMEs},
  author={Kale, Prashant and Singh, Harbir},
  journal={Strategic Entrepreneurship Journal},
  volume={3},
  number={3},
  pages={193--208},
  year={2009}
}

@article{vanhaverbeke2014open,
  title={A longitudinal analysis of the evolution of networks in the bike industry},
  author={Vanhaverbeke, Wim and Van de Vrande, Vareska},
  journal={Research Policy},
  volume={43},
  number={5},
  pages={872--885},
  year={2014}
}

@article{wright2005strategy,
  title={Strategy research in emerging economies: Challenging the conventional wisdom},
  author={Wright, Mike and Filatotchev, Igor and Hoskisson, Robert E and Peng, Mike W},
  journal={Journal of Management Studies},
  volume={42},
  number={1},
  pages={1--33},
  year={2005}
}

@article{manolopoulos2006determining,
  title={Determining the performance of innovative firms in emerging markets},
  author={Manolopoulos, Dimitris and Papanastassiou, Marina and Pearce, Robert},
  journal={International Journal of Business Innovation and Research},
  volume={1},
  number={1-2},
  pages={78--97},
  year={2006}
}

@article{shan2016cultural,
  title={Cultural diversity and innovation: A literature review},
  author={Shan, Hongmei},
  journal={International Journal of Innovation Studies},
  volume={1},
  number={1},
  pages={1--15},
  year={2016}
}

@article{mnukwa2019innovation,
  title={Innovation in Tanzanian SMEs: The role of social networks},
  author={Mnukwa, Kenedy and others},
  journal={African Journal of Science, Technology, Innovation and Development},
  volume={11},
  number={4},
  pages={423--431},
  year={2019}
}

@article{foster2015mobile,
  title={Mobile technology and innovation in small businesses in emerging markets},
  author={Foster, Christopher and Heeks, Richard},
  journal={The Electronic Journal of Information Systems in Developing Countries},
  volume={71},
  number={1},
  pages={1--15},
  year={2015}
}

@article{gassmann2020crossing,
  title={Crossing the chasm: Open innovation in SMEs},
  author={Gassmann, Oliver and Enkel, Ellen and Chesbrough, Henry},
  journal={R\&D Management},
  volume={50},
  number={3},
  pages={413--424},
  year={2020}
}

@article{phillips2000discourse,
  title={Discourse and institutions},
  author={Phillips, Nelson and Lawrence, Thomas B and Hardy, Cynthia},
  journal={Academy of Management Review},
  volume={25},
  number={1},
  pages={24--27},
  year={2000}
}

@article{huizingh2011open,
  title={Open innovation: State of the art and future perspectives},
  author={Huizingh, Eelko KR},
  journal={Technovation},
  volume={31},
  number={1},
  pages={2--9},
  year={2011}
}

@article{hoffmann2009small,
  title={Small firms and open innovation},
  author={Hoffmann, Werner and others},
  journal={International Journal of Entrepreneurial Venturing},
  volume={1},
  number={2},
  pages={181--194},
  year={2009}
}

@article{kim2012government,
  title={Government R\&D support and SMEs' innovation activities in Korea},
  author={Kim, YoungJun},
  journal={Asian Journal of Technology Innovation},
  volume={20},
  number={2},
  pages={233--248},
  year={2012}
}

@article{fisher2013venture,
  title={Venture capital and open innovation in SMEs},
  author={Fisher, Greg},
  journal={Journal of Small Business Management},
  volume={51},
  number={4},
  pages={541--560},
  year={2013}
}

@article{lee2010open,
  title={Open innovation in SMEs-An intermediated network model},
  author={Lee, Sungjoo and Park, Gwangman and Yoon, Byungun and Park, Jinwoo},
  journal={Research Policy},
  volume={39},
  number={2},
  pages={290--300},
  year={2010}
}

@article{kiraka2013understanding,
  title={Understanding innovation in SMEs in Kenya},
  author={Kiraka, Rebecca and others},
  journal={African Journal of Business Management},
  volume={7},
  number={36},
  pages={3654--3667},
  year={2013}
}

@article{chesbrough2014new,
  title={New frontiers in open innovation},
  author={Chesbrough, Henry and Vanhaverbeke, Wim and West, Joel},
  journal={Oxford University Press},
  year={2014}
}

@article{tanzania2000vision,
  title={Tanzania Development Vision 2025},
  author={Planning Commission, Tanzania},
  journal={Government Publication},
  year={2000}
}

@article{ifc2019tax,
  title={Tax Compliance Cost Burden and Tax Perceptions Survey in Tanzania},
  author={International Finance Corporation},
  journal={World Bank Group},
  year={2019}
}

@article{ifc2020finance,
  title={MSME Finance Gap in Tanzania},
  author={International Finance Corporation},
  journal={World Bank Group},
  year={2020}
}

@article{worldbank2023enterprise,
  title={Enterprise Surveys: Tanzania Country Profile 2023},
  author={World Bank},
  journal={World Bank Group},
  year={2023}
}

@article{glaser1967discovery,
  title={The discovery of grounded theory: Strategies for qualitative research},
  author={Glaser, Barney G and Strauss, Anselm L},
  journal={Aldine Publishing Company},
  year={1967}
}

@article{baruch1999response,
  title={Response rate in academic studies-A comparative analysis},
  author={Baruch, Yehuda},
  journal={Human Relations},
  volume={52},
  number={4},
  pages={421--438},
  year={1999}
}