@article{chesbrough2003,
  author = {Chesbrough, Henry},
  title = {Open Innovation: The New Imperative for Creating and Profiting from Technology},
  journal = {Harvard Business School Press},
  year = {2003}
}

@article{west_bogers_2014,
  author = {West, Joel and Bogers, Marcel},
  title = {Leveraging External Sources of Innovation: A Review of Research on Open Innovation},
  journal = {Journal of Product Innovation Management},
  year = {2014},
  volume = {31},
  number = {4},
  pages = {814-831},
  doi = {10.1111/jpim.12125}
}

@article{bogers2018,
  author = {Bogers, Marcel and Chesbrough, Henry and Moedas, Carlos},
  title = {Open Innovation: Research, Practices, and Policies},
  journal = {California Management Review},
  year = {2018},
  volume = {60},
  number = {2},
  pages = {5-16},
  doi = {10.1177/0008125617745086}
}

@article{rothwell1994,
  author = {Rothwell, Roy},
  title = {Towards the Fifth-generation Innovation Process},
  journal = {International Marketing Review},
  year = {1994},
  volume = {11},
  number = {1},
  pages = {7-31}
}

@misc{wb_enterprise_survey_tanzania,
  author = {World Bank},
  title = {Enterprise Surveys: Tanzania},
  year = {2020},
  howpublished = {\url{https://www.enterprisesurveys.org/}}
}

@misc{tz_national_ict_policy,
  author = {Ministry of Works, Transport and Communications, United Republic of Tanzania},
  title = {National ICT Policy},
  year = {2016},
  howpublished = {\url{https://www.mwtc.go.tz/}} 
}

@article{vial2019,
  author = {Vial, Gregory},
  title = {Understanding Digital Transformation: A Review and a Research Agenda},
  journal = {The Journal of Strategic Information Systems},
  year = {2019},
  volume = {28},
  number = {2},
  pages = {118-144},
  doi = {10.1016/j.jsis.2019.01.003}
}

@article{rajapathirana2018,
  author = {Rajapathirana, R. P. Jayani and Hui, Y.},
  title = {Relationship between Innovation Capability, Innovation Type, and Firm Performance},
  journal = {Journal of Innovation & Knowledge},
  year = {2018},
  volume = {3},
  number = {1},
  pages = {44-55},
  doi = {10.1016/j.jik.2017.06.002}
}

@article{huizingh2011,
  author = {Huizingh, Eelko K.R.E.},
  title = {Open Innovation: State of the Art and Future Perspectives},
  journal = {Technovation},
  year = {2011},
  volume = {31},
  number = {1},
  pages = {2-9},
  doi = {10.1016/j.technovation.2010.10.002}
}
